<?xml version="1.0" encoding="UTF-8"?><collection xmlns="http://www.loc.gov/MARC21/slim"><record><leader>00493nam--2200181-i-4500</leader><controlfield tag="001">000029424</controlfield><controlfield tag="002">20161230</controlfield><controlfield tag="005">20161230201037</controlfield><controlfield tag="008">060222s1000------------r-----000-0-rus-d</controlfield><datafield ind1=" " ind2=" " tag="040"><subfield code="a">IFIN-HH</subfield></datafield><datafield ind1=" " ind2=" " tag="041"><subfield code="a">rus</subfield></datafield><datafield ind1=" " ind2=" " tag="080"><subfield code="a">544.6+545.82:535.338(084)</subfield></datafield><datafield ind1="1" ind2=" " tag="100"><subfield code="a">Taure, L.F</subfield></datafield><datafield ind1="1" ind2="0" tag="245"><subfield code="a">Atlas spectralnih linii dlia analiza s pompsyu stiloskopa</subfield><subfield code="c">L.f. taure</subfield></datafield><datafield ind1=" " ind2=" " tag="260"><subfield code="a">Riga</subfield><subfield code="b">Akademii Hauk Latviiskoi Ssr</subfield><subfield code="c">1957</subfield></datafield><datafield ind1=" " ind2=" " tag="300"><subfield code="a">163p</subfield></datafield><datafield ind1=" " ind2=" " tag="852"><subfield code="a">5045</subfield><subfield code="c">545.33</subfield></datafield><datafield ind1=" " ind2=" " tag="CAT"><subfield code="a">Sys</subfield><subfield code="c">20101130</subfield><subfield code="h">144539</subfield></datafield></record></collection>